%               Friday 23 November 2012 
%               Última versión de bibliografía. Contiene las referencias de llcomp-papers y tesis.Ruymán
%               Aigaion2 BibTeX export from A Web Based Annotated Bibliography All publications
%               Fichero exportado de aigaion y luego ordenado con bibtool
%               La versión más reciente de la bibliografía debería ser la de aigaion:
%               http://zion.pcg.ull.es/~rreyes/aigaion2/index.php/publications

BibTeX file
note            BibTeX-file
                Para ordenar ficheros bibtex con bibliografía, usar:
  
                bibtool -r /home/sande/bin/sande_bibtool.rsc -i entrada.bib -s -v -o salida.bib
  
                El fichero sande_bibtool.rsc está en /home/sande/bin/sande_bibtool.rsc
author          F. de Sande, fsande AT ull.es,
version         1.00,
date            23 April 2003,
filename        /home/sande/BIBLIOGRAFIA.bib,
address         Departamento de EIO y Computación
                Universidad de La Laguna
                38271 La Laguna, S/C de Tenerife,
                Canary Islands,
                Spain,
telephone       +34 922 318178,
FAX             +34 922 318170,
URL             http://webpages.ull.es/users/fsande,
keywords        bibliography, BibTeX, Parallel, OpenMP, MPI, Internet, Linux,,
Last update     2008/04/29 Ignorar comentarios, pretty printing
vim:ts=2:sw=2:expandtab:tw=80:fo=tcroq
vim:set fileencoding=utf8:set nu
====================================================================

%TFG Cap 1: Goals.

@Misc{URL::Android,
  author        = {{Android}},
  title         = {{Android}},
  year          = {2008},
  key           = {Android},
  howpublished = "[\url{ https://www.android.com/}]",
  url           = {https://developer.android.com/studio/index.html},
  note          = {[Disponible electrónicamente.
                  Último acceso, julio de 2018]},
}

@Misc{URL::AndroidStudio,
  author        = {{IntelliJ}},
  title         = {{Android Studio}},
  year          = {2014},
  key           = {Android Studio},
  url           = {https://developer.android.com/studio/index.html},
  note          = {\href{https://developer.android.com/studio/index.html}
                  [Disponible electrónicamente.
                  Último acceso, julio de 2018]},
}

@Misc{URL::eclipseADT,
  author        = {{Google, Inc.}},
  title         = {{Eclipse con ADT plugin}},
  year          = {2012},
  key           = {EclipseADT},
  url           = {https://marketplace.eclipse.org/content/android-development-tools-eclipse},
  note          = {\href{https://marketplace.eclipse.org/content/android-development-tools-eclipse}
                  [Disponible electrónicamente.
                  Último acceso, julio de 2018]},
}

@Misc{URL::importGradle,
  title         = {{Dependencia Gradle de AltBeacon}},
  key           = {importGradle},
  url           = {https://altbeacon.github.io/android-beacon-library/configure.html},
  note          = {\href{https://altbeacon.github.io/android-beacon-library/configure.html}
                  [Disponible electrónicamente.
                  Último acceso, julio de 2018]},
}

@Misc{URL::GooglePlay,
  title         = {{Google Play}},
  key           = {GooglePlay},
  url           = {https://play.google.com/store},
  note          = {\href{https://play.google.com/store}
                  [Disponible electrónicamente.
                  Último acceso, julio de 2018]},
}

@Misc{URL::SamsungApps,
  title         = {{Samsung Apps}},
  key           = {SamsungApps},
  url           = {http://www.samsung.com/es/apps/mobile/galaxyapps/},
  note          = {\href{http://www.samsung.com/es/apps/mobile/galaxyapps/}
                  [Disponible electrónicamente.
                  Último acceso, julio de 2018]},
}

@Misc{URL::altbeaconSamples,
  title         = {{Ejemplos de utilización de la libería AltBeacon}},
  key           = {beaconSamples},
  url           = {https://altbeacon.github.io/android-beacon-library/samples.html},
  note          = {\href{https://altbeacon.github.io/android-beacon-library/samples.html}
                  [Disponible electrónicamente.
                  Último acceso, julio de 2018]},
}

@Misc{URL::versionAltBeacon,
  title         = {{Diferentes versiones de Alt Beacon}},
  key           = {versionAltBeacon},
  url           = {https://altbeacon.github.io/android-beacon-library/download.htm},
  note          = {\href{https://altbeacon.github.io/android-beacon-library/download.htm}
                  [Disponible electrónicamente.
                  Último acceso, julio de 2018]},
}

@Misc{URL::galileo,
  title         = {{Aplicación de la Universidad Galileo}},
  key           = {aplicacionGalileo},
  url           = {https://play.google.com/store/apps/details?id=edu.galileo.ges},
  note          = {\href{https://play.google.com/store/apps/details?id=edu.galileo.ges}
                  [Disponible electrónicamente.
                  Último acceso, julio de 2018]},
}

@Misc{URL::oviedo,
  title         = {{Aplicación de la Universidad de Oviedo}},
  key           = {aplicacionOviedo},
  url           = {https://play.google.com/store/apps/details?id=es.uniovi.innova.unioviapp},
  note          = {\href{https://play.google.com/store/apps/details?id=es.uniovi.innova.unioviapp}
                  [Disponible electrónicamente.
                  Último acceso, julio de 2018]},
}

@Misc{URL::valladolid,
  title         = {{Aplicación de la Universidad de Valladolid}},
  key           = {aplicacionValladolid},
  url           = {https://play.google.com/store/apps/details?id=com.pocketuniversity.uva},
  note          = {\href{https://play.google.com/store/apps/details?id=com.pocketuniversity.uva}
                  [Disponible electrónicamente.
                  Último acceso, julio de 2018]},
}

@Misc{URL::trilateracion,
  title         = {{Algoritmo de Trilateración}},
  key           = {trilateracionAlgoritmo},
  url           = {https://github.com/lemmingapex/Trilateration},
  note          = {\href{https://github.com/lemmingapex/Trilateration}
                  [Disponible electrónicamente.
                  Último acceso, julio de 2018]},
}

@Misc{URL::algoritmolm,
  title         = {{Algoritmo de Levenberg-Marquardt}},
  key           = {algoritmolm},
  url           = {https://en.wikipedia.org/wiki/Levenberg-Marquardt_algorithm},
  note          = {\href{https://en.wikipedia.org/wiki/Levenberg-Marquardt_algorithm}
                  [Disponible electrónicamente.
                  Último acceso, julio de 2018]},
}

@Misc{URL::apachemath,
  title         = {{Librería Apache Commons}},
  key           = {apachemath},
  url           = {http://commons.apache.org/proper/commons-math/},
  note          = {\href{http://commons.apache.org/proper/commons-math/}
                  [Disponible electrónicamente.
                  Último acceso, julio de 2018]},
}

@Misc{URL::repositorioAplicacion,
  title         = {{Repositorio de la aplicación ULL-NAVIGATION}},
  key           = {repositorio},
  url           = {https://github.com/alehdezp/TFG-ULL-NAVIGATION},
  note          = {\href{https://github.com/alehdezp/TFG-ULL-NAVIGATION}
                  [Disponible electrónicamente.
                  Último acceso, julio de 2018]},
}

@Misc{URL::licencia,
  title         = {{Licencia Creative CommonsReconocimiento-NoComercial-CompartirIgual 4.0 Internacional}},
  key           = {licencia},
  url           = {https://creativecommons.org/licenses/by-nc-sa/4.0/deed.es_ES},
  note          = {\href{https://creativecommons.org/licenses/by-nc-sa/4.0/deed.es_ES}
                  [Disponible electrónicamente.
                  Último acceso, julio de 2018]},
}

@Misc{URL::AndroidHistory,
  title         = {{Historia de Android}},
  key           = {AndroidHistory},
  url           = {https://www.android.com/history},
  note          = {\href{https://www.android.com/history}
                  [Disponible electrónicamente.
                  Último acceso, julio de 2018]},
}

@Misc{URL::Github,
  author        = {{Github}},
  title         = {{Repositorio Github}},
  year          = {2008},
  key           = {Github},
  url           = {https://github.com/},
  note          = {\href{https://github.com/}
                  [Disponible electrónicamente.
                  Último acceso, julio de 2018]},
}

@Misc{URL::Beacon,
  title         = {{Beacon}},
  year          = {2014},
  key           = {Beacon},
  url           = {http://meridianapps.com/news/2014/11/04/beacons},
  note          = {\href{http://meridianapps.com/news/2014/11/04/beacons}
                  [Disponible electrónicamente.
                  Último acceso, julio de 2018]},
}

@Misc{URL::manualLatex,
  title         = {{Manual de Latex en español}},
  year          = {2004},
  key           = {Manual},
  url           = {http://www.fing.edu.uy/~canale/latex.pdf},
  note          = {\href{http://www.fing.edu.uy/~canale/latex.pdf}
                  [Disponible electrónicamente.
                  Último acceso, julio de 2018]},
}

@Misc{URL::LaTeX,
  title         = {{LaTeX}},
  author        = {{LaTeX3 Project}} ,
  year          = {1985},
  key           = {LaTeX},
  url           = {https://www.latex-project.org/},
  note          = {\href{https://www.latex-project.org/}
                  [Disponible electrónicamente.
                  Último acceso, julio de 2018]},
}

@Misc{URL::IntelliJIDEA,
  title         = {{IntelliJ IDEA}},
  author        = {{IntelliJ IDEA}} ,
  year          = {2001},
  key           = {IntelliJ IDEA},
  url           = {https://www.jetbrains.com/idea/},
  note          = {\href{https://www.jetbrains.com/idea/}
                  [Disponible electrónicamente.
                  Último acceso, julio de 2018]},
}

@Misc{URL::Bluetooth,
  title         = {{Bluetooth}},
  author        = {{Jaap Haartsen y Mattisson Sven}} ,
  year          = {1994},
  key           = {Bluetooth},
  url           = {https://es.wikipedia.org/wiki/Bluetooth},
  note          = {\href{https://es.wikipedia.org/wiki/Bluetooth}
                  [Disponible electrónicamente.
                  Último acceso, julio de 2018]},
}

@Misc{URL::BluetoothLowEnergy,
  title         = {{Bluetooth Low Energy}},
  author        = {{Nokia}} ,
  year          = {2010},
  key           = {BluetoothLowEnergy},
  url           = {https://en.wikipedia.org/wiki/Bluetooth_low_energy},
  note          = {\href{https://en.wikipedia.org/wiki/Bluetooth_low_energy}
                  [Disponible electrónicamente.
                  Último acceso, julio de 2018]},
}

@Misc{URL::UUID,
  title         = {{UUID Universal Unique Identifier }},
  key           = {UUID},
  url           = {https://en.wikipedia.org/wiki/Universally_unique_identifier},
  note          = {\href{https://en.wikipedia.org/wiki/Universally_unique_identifier}
                  [Disponible electrónicamente.
                  Último acceso, julio de 2018]},
}

@Misc{URL::IOS7,
  title         = {{IOS7 }},
  author        = {{Apple Inc.}},
  key           = {IOS7},
  url           = {https://es.wikipedia.org/wiki/IOS_7},
  note          = {\href{https://es.wikipedia.org/wiki/IOS_7}
                  [Disponible electrónicamente.
                  Último acceso, julio de 2018]},
}

@Misc{URL::WindowsPhone7,
  title         = {{WindowsPhone }},
  author        = {{Microsoft}},
  key           = {WindowsPhone},
  year          = {2010},
  url           = {https://es.wikipedia.org/wiki/Windows_Phone},
  note          = {\href{https://es.wikipedia.org/wiki/Windows_Phone}
                  [Disponible electrónicamente.
                  Último acceso, julio de 2018]},
}

@Misc{URL::Blackberry,
  title         = {{Blackberry }},
  author        = {{Blackberry}},
  key           = {Blackberry},
  year          = {1999},
  url           = {https://es.wikipedia.org/wiki/BlackBerry},
  note          = {\href{https://es.wikipedia.org/wiki/BlackBerry}
                  [Disponible electrónicamente.
                  Último acceso, julio de 2018]},
}

@Misc{URL::Gradle,
  title         = {{Gradle}},
  key           = {Gradle},
  year          = {2007},
  url           = {http://gradle.org/},
  note          = {\href{http://gradle.org/}
                  [Disponible electrónicamente.
                  Último acceso, julio de 2018]},
}

@Misc{URL::PATFL,
  title         = {{Plataforma del Programa de Apoyo a Trabajos Finales Libres}},
  key           = {PATFL},
  url           = {http://osl.ull.es/programa-apoyo-trabajos-finales-libres//},
  note          = {\href{http://osl.ull.es/programa-apoyo-trabajos-finales-libres/}
                  [Disponible electrónicamente.
                  Último acceso, julio de 2018]},
}

@Misc{URL::Incompatibilidades,
  title         = {{Discusiones del funcionamiento de AltBeacon en Android Deep Sleep mode}},
  key           = {Discusiones},
  url           = {https://github.com/AltBeacon/android-beacon-library/issues/21},
  note          = {\href{https://github.com/AltBeacon/android-beacon-library/issues/21}
                  [Disponible electrónicamente.
                  Último acceso, julio de 2018]},
}

@Misc{URL::Articulo,
  title         = {{3 Brilliant example of how beacon technology is transforming mobility}},
  author	={Danny Mareco},
  key           = {Articulo},
  url           = {http://www.securedgenetworks.com/blog/3-brilliant-examples-of-how-beacon-technology-is-transforming-mobility},
  note          = {\href{http://www.securedgenetworks.com/blog/3-brilliant-examples-of-how-beacon-technology-is-transforming-mobility}
                  [Disponible electrónicamente.
                  Último acceso, julio de 2018]},
}

@Misc{URL::couchBase,
  title         = {{CouchBase Server}},
  key           = {couchBase},
  url           = {http://www.couchbase.com/nosql-databases/couchbase-server},
  note          = {\href{http://www.couchbase.com/nosql-databases/couchbase-server}
                  [Disponible electrónicamente.
                  Último acceso, julio de 2018]},
}

@Misc{URL::nosql,
  title         = {{Tecnología NoSQL}},
  key           = {nosql},
  url           = {https://es.wikipedia.org/wiki/NoSQL},
  note          = {\href{https://es.wikipedia.org/wiki/NoSQL}
                  [Disponible electrónicamente.
                  Último acceso, julio de 2018]},
}

@Misc{URL::json,
  title         = {{El formato de texto JSON}},
  key           = {json},
  url           = {https://es.wikipedia.org/wiki/JSON},
  note          = {\href{https://es.wikipedia.org/wiki/JSON}
                  [Disponible electrónicamente.
                  Último acceso, julio de 2018]},
}

@Misc{URL::couchweb,
  title         = {{Página web de CouchBase}},
  key           = {couchbaseweb},
  url           = {http://www.couchbase.com/},
  note          = {\href{http://www.couchbase.com/}
                  [Disponible electrónicamente.
                  Último acceso, julio de 2018]},
}

@Misc{URL::couchBaseDownload,
  title         = {{Descarga de CouchBase Server}},
  key           = {couchBaseDownload},
  url           = {http://www.couchbase.com/nosql-databases/downloads},
  note          = {\href{http://www.couchbase.com/nosql-databases/downloads}
                  [Disponible electrónicamente.
                  Último acceso, julio de 2018]},
}

@Misc{URL::couchBaseGuide,
  title         = {{Guía de Instalación de CouchBase Server}},
  key           = {couchBaseTutorial},
  url           = {http://developer.couchbase.com/documentation/server/4.5/getting-started/installing.html},
  note          = {\href{http://developer.couchbase.com/documentation/server/4.5/getting-started/installing.html}
                  [Disponible electrónicamente.
                  Último acceso, julio de 2018]},
}

@Misc{URL::couchBaseLite,
  title         = {{Guía de Desarrollo usando CouchBase Lite}},
  key           = {couchBaseLite},
  url           = {http://developer.couchbase.com/documentation/mobile/1.2/develop/training/build-first-android-app/index.html},
  note          = {\href{http://developer.couchbase.com/documentation/mobile/1.2/develop/training/build-first-android-app/index.html}
                  [Disponible electrónicamente.
                  Último acceso, julio de 2018]},
}

@Misc{URL::Jsoup,
  title         = {{Librería Jsoup para parseo de HTML}},
  key           = {Jsoup},
  url           = {https://jsoup.org/download},
  note          = {\href{https://jsoup.org/download}
                  [Disponible electrónicamente.
                  Último acceso, julio de 2018]},
}

@Misc{URL::eventsull,
  title         = {{Página web de eventos de la Universidad de la Laguna}},
  key           = {eventosull},
  url           = {http://eventos.ull.es/},
  note          = {\href{http://eventos.ull.es/}
                  [Disponible electrónicamente.
                  Último acceso, julio de 2018]},
}

@Misc{URL::titsa,
  title         = {{Página web de Transportes interurbanos de Tenerife, SA}},
  key           = {titsa},
  url           = {http://www.titsa.com/},
  note          = {\href{http://www.titsa.com/}
                  [Disponible electrónicamente.
                  Último acceso, julio de 2018]},
}

@Misc{URL::GPS,
  title         = {{Sistema de Posicionamiento global}},
  key           = {gps},
  url           = {https://es.wikipedia.org/wiki/Sistema_de_posicionamiento_global},
  note          = {\href{https://es.wikipedia.org/wiki/Sistema_de_posicionamiento_global}
                  [Disponible electrónicamente.
                  Último acceso, julio de 2018]},
}

@Misc{URL::GoogleGlass,
  title         = {{Google Glass}},
  key           = {GoogleGlass},
  url           = {https://es.wikipedia.org/wiki/Google_Glass},
  note          = {\href{https://es.wikipedia.org/wiki/Google_Glass}
                  [Disponible electrónicamente.
                  Último acceso, julio de 2018]},


}



@Misc{URL::ImageRegister,
  title         = {{Registro de Imagenes}},
  key           = { },
  url           = {https://es.wikipedia.org/wiki/Registro_de_la_imagen },
  note          = {\href{https://es.wikipedia.org/wiki/Registro_de_la_imagen }
                  [Disponible electrónicamente.
                  Último acceso, julio de 2018]},
}

@Misc{URL::CodigoQR,
  title         = {{CodigoQR}},
  howpublished = "[\url{ https://es.wikipedia.org/wiki/Codigo_QR}]",
  note          = {[Disponible electrónicamente.
                  Último acceso, julio de 2018]},
}


@Misc{URL::VR,
  title         = {{Realidad Virtual}},
  howpublished = "[\url{ https://es.wikipedia.org/wiki/Realidad_virtual}]",
  note          = {[Disponible electrónicamente.
                  Último acceso, julio de 2018]},
}


@Misc{URL::RM,
  title         = {{Relidad Mixta}},
  howpublished = "[\url{ https://es.wikipedia.org/wiki/Realidad_mixta}]",
  note          = {[Disponible electrónicamente.
                  Último acceso, julio de 2018]},
}
